@article{Koes_2011,
  doi = {10.1021/ci200097m},
  url = {http://dx.doi.org/10.1021/ci200097m},
  year = {2011},
  month = {jun},
  publisher = {American Chemical Society ({ACS})},
  volume = {51},
  number = {6},
  pages = {1307--1314},
  author = {David Ryan Koes and Carlos J. Camacho},
  title = {{Pharmer: Efficient and Exact Pharmacophore Search}},
  journal = {Journal of Chemical Information and Modeling},
}


@article{Gezelter_2015,
  doi = {10.1021/acs.jpclett.5b00285},
  url = {http://dx.doi.org/10.1021/acs.jpclett.5b00285},
  year = {2015},
  month = {apr},
  publisher = {American Chemical Society ({ACS})},
  volume = {6},
  number = {7},
  pages = {1168--1169},
  author = {J. Daniel Gezelter},
  title = {{Open Source and Open Data Should Be Standard Practices}},
  journal = {J. Phys. Chem. Lett.},
}
